<?xml version="1.0" encoding="UTF-8"?><collection xmlns="http://www.loc.gov/MARC21/slim"><record><leader>00470nam--2200193-u-4500</leader><controlfield tag="001">000053575</controlfield><controlfield tag="002">20161230</controlfield><controlfield tag="005">20161230201051</controlfield><controlfield tag="008">110428s1000------------r-----000-0-rus-d</controlfield><datafield ind1=" " ind2=" " tag="040"><subfield code="a">IFIN-HH</subfield></datafield><datafield ind1=" " ind2=" " tag="041"><subfield code="a">rus</subfield></datafield><datafield ind1=" " ind2=" " tag="080"><subfield code="a">535.37</subfield></datafield><datafield ind1="1" ind2=" " tag="100"><subfield code="a">Levsin, V.L</subfield></datafield><datafield ind1="1" ind2="0" tag="245"><subfield code="a">Liuminestentia i ee primenenie</subfield><subfield code="c">V.l. levsin; l.b. levsin</subfield></datafield><datafield ind1=" " ind2=" " tag="260"><subfield code="a">Moskva</subfield><subfield code="b">Nauka</subfield><subfield code="c">1972</subfield></datafield><datafield ind1=" " ind2=" " tag="300"><subfield code="a">182P</subfield></datafield><datafield ind1="1" ind2=" " tag="700"><subfield code="a">Levsin, L.B</subfield></datafield><datafield ind1=" " ind2=" " tag="852"><subfield code="a">75849</subfield><subfield code="c">535.37</subfield></datafield><datafield ind1=" " ind2=" " tag="CAT"><subfield code="a">Sys</subfield><subfield code="c">20110428</subfield><subfield code="h">160847</subfield></datafield></record></collection>